@misc{snia2024,
  author = {Ministerio de Obras Públicas},
  title = {Base Nacional de Aguas},
  year = {2024},
  url = {https://snia.mop.gob.cl/BNAConsultas/reportes},
  urldate = {2024-09-08}
}

@misc{reportesSNIA,
  title = {Base Nacional de Aguas Reportes},
  howpublished = {\url{https://snia.mop.gob.cl/BNAConsultas/reportes}},
  note = {Accedido: 2024-09-08},
  organization = {Servicio Nacional de Información de Aguas},
  year = {2024}
}

